@phdthesis{sanada,
  title={野球のピッチングにおける球速と投球フォームの関係性について},
  author={眞田将人},
  year={2011},
  school={びわこ成蹊スポーツ大学}
}


@article{omuro,
  title={投球動作の踏み出し幅の広さが投球の速度および正確性に与える影響},
  author={大室康平 and オオムロコウヘイ and 小比類巻龍宏 and コヒルイマキタツヒロ and 和田敬世 and ワダタカヨ},
  journal={八戸工業大学紀要},
  volume={32},
  pages={207--212},
  year={2013},
  publisher={八戸工業大学}
}


@article{kuromatsu,
  title={砲丸投げグライド投法における投げ動作改善のためのトレーニング方法の提案},
  author={黒松直人 and 瓜田吉久 and 倉吉東高等学 and 鹿屋体育大学},
  journal={スポーツパフォーマンス研究},
  volume={4},
  pages={59--70},
  year={2012},
  publisher={鹿屋体育大学}
}


@article{kageyama,
  title={発育期の野球選手における投手と野手の投球速度に及ぼす体力要因の検討},
  author={蔭山雅洋 and 鈴木智晴 and 前田明},
  journal={体育学研究},
  volume={65},
  pages={401--413},
  year={2020},
  publisher={一般社団法人 日本体育・スポーツ・健康学会}
}


@article{takahashi,
  title={野球の投球速度に影響する因子の検討 ~肩関節と股関節に着目して~},
  author={高橋将 and 佐藤真太郎 and 白石聖 and 川本竜史},
  journal={国際エクササイズサイエンス学会誌},
  volume={5},
  number={1},
  pages={15--22},
  year={2022},
  publisher={特定非営利活動法人 国際エクササイズサイエンス学会}
}


@article{tsuboi,
  title={3 自由度投射モデルによる砲丸投げ投法の特徴付け},
  author={坪井一洋},
  journal={日本機械学会論文集 C 編},
  volume={77},
  number={775},
  pages={943--952},
  year={2011},
  publisher={一般社団法人 日本機械学会}
}

@article{iwasako,
  title={投球動作の運動連鎖における [胸の張り] および関節運動の機能分析},
  author={岩迫基樹 and 林豊彦 and 田中洋 and 乾浩明 and 信原克哉},
  journal={バイオメカニズム},
  volume={23},
  pages={141--150},
  year={2016},
  publisher={バイオメカニズム学会}
}

@article{burkhart,
  title={The disabled throwing shoulder: spectrum of pathology Part III: The SICK scapula, scapular dyskinesis, the kinetic chain, and rehabilitation},
  author={Burkhart, Stephen S and Morgan, Craig D and Kibler, W Ben},
  journal={Arthroscopy},
  volume={19},
  number={6},
  pages={641--661},
  year={2003},
  publisher={Elsevier}
}

@article{rl1,
  title={Reinforcement learning: An introduction},
  author={Sutton, Richard S},
  journal={A Bradford Book},
  year={2018}
}

@inproceedings{rl2,
  title={A reinforcement learning method for maximizing undiscounted rewards},
  author={Schwartz, Anton},
  booktitle={Proceedings of the tenth international conference on machine learning},
  volume={298},
  pages={298--305},
  year={1993}
}

@article{watkins,
  title={Q-learning},
  author={Watkins, Christopher JCH and Dayan, Peter},
  journal={Machine learning},
  volume={8},
  pages={279--292},
  year={1992},
  publisher={Springer}
}

@inproceedings{greedy,
  title={Adaptive $\varepsilon$-greedy exploration in reinforcement learning based on value differences},
  author={Tokic, Michel},
  booktitle={Annual conference on artificial intelligence},
  pages={203--210},
  year={2010},
  organization={Springer}
}

@article{euler,
  title={A discussion on Euler method: A review},
  author={Biswas, BN and Chatterjee, Somnath and Mukherjee, SP and Pal, Subhradeep},
  journal={Electronic Journal of Mathematical Analysis and Applications},
  volume={1},
  number={2},
  pages={2090--2792},
  year={2013}
}

@article{lagrange,
  title={Lagrange multipliers and optimality},
  author={Rockafellar, R Tyrrell},
  journal={SIAM review},
  volume={35},
  number={2},
  pages={183--238},
  year={1993},
  publisher={SIAM}
}

@article{runge-kutta,
  title={The dynamics of Runge--Kutta methods},
  author={Cartwright, Julyan HE and Piro, Oreste},
  journal={International Journal of Bifurcation and Chaos},
  volume={2},
  number={03},
  pages={427--449},
  year={1992},
  publisher={World Scientific}
}

@article{angle,
  title={Optimum release angle in the shot put},
  author={Linthorne, Nicholas P},
  journal={Journal of Sports Sciences},
  volume={19},
  number={5},
  pages={359--372},
  year={2001},
  publisher={Taylor \& Francis}
}

@Book{irving,
author={Irving P.Herman（著），斎藤 太郎，高木 建次（共訳）},
title={-翻訳- 人体物理学 ~動きと循環のメカニズムを探る~},
publisher={NTC},
pages={16--18},
year={2009}
}

@article{horiuchi,
  title={Mechanical energy flow in torso during baseball toss batting},
  author={Horiuchi, Gen and Nakashima, Hirotaka and Sakurai, Shinji},
  journal={Sports Biomechanics},
  volume={23},
  number={9},
  pages={1136--1146},
  year={2024},
  publisher={Taylor \& Francis}
}

@article{haq,
  title={Kinematic, physical fitness and body composition of heighted and short heighted shot-put throwers},
  author={Haq, M and Maqbool, Usama and Ahamad, M},
  journal={Int. J. Acad. Res. Bus. Soc. Sci},
  volume={9},
  number={6},
  pages={1327--34},
  year={2019}
}

@inproceedings{mujoco,
  title={Mujoco: A physics engine for model-based control},
  author={Todorov, Emanuel and Erez, Tom and Tassa, Yuval},
  booktitle={2012 IEEE/RSJ international conference on intelligent robots and systems},
  pages={5026--5033},
  year={2012},
  organization={IEEE}
}

@Misc{mujoco2,
  title="{MuJoCo Advanced physics simulation}",
  howpublished="\url{https://mujoco.org/}, 最終アクセス日 2025/2/5"
}

@Misc{unitreeg1,
  title="{Unitree Robotics}",
  howpublished="\url{https://www.unitree.com/g1}, 最終アクセス日 2025/2/5"
}

@article{range,
  title={Shoulder and elbow range of motion for the performance of activities of daily living: A systematic review},
  author={Oosterwijk, Anouk M and Nieuwenhuis, Marianne K and van der Schans, Cees P and Mouton, Leonora J},
  journal={Physiotherapy theory and practice},
  volume={34},
  number={7},
  pages={505--528},
  year={2018},
  publisher={Taylor \& Francis}
}

@article{spline,
  title={Cubic spline interpolation},
  author={McKinley, Sky and Levine, Megan},
  journal={College of the Redwoods},
  volume={45},
  number={1},
  pages={1049--1060},
  year={1998}
}

